<?xml version="1.0" encoding="UTF-8"?>
<collection xmlns:xsi="http://www.w3.org/2001/XMLSchema-instance" xsi:schemaLocation="http://www.loc.gov/MARC21/slim http://www.loc.gov/standards/marcxml/schema/MARC21slim.xsd" xmlns="http://www.loc.gov/MARC21/slim">
<record>
  <leader>01011cam a2200277 i 4500</leader>
  <controlfield tag="001">30129</controlfield>
  <controlfield tag="003">NNC</controlfield>
  <controlfield tag="005">20130422224718.0</controlfield>
  <controlfield tag="008">800910s1909    ua            000 0 ara d</controlfield>
  <datafield tag="035" ind1=" " ind2=" ">
    <subfield code="a">(OCoLC)151691186</subfield>
  </datafield>
  <datafield tag="035" ind1=" " ind2=" ">
    <subfield code="a">(OCoLC)ocn151691186</subfield>
  </datafield>
  <datafield tag="035" ind1=" " ind2=" ">
    <subfield code="a">(CStRLIN)NYCG18300871-B</subfield>
  </datafield>
  <datafield tag="035" ind1=" " ind2=" ">
    <subfield code="9">AAD1308CU</subfield>
  </datafield>
  <datafield tag="035" ind1=" " ind2=" ">
    <subfield code="a">(NNC)30129</subfield>
  </datafield>
  <datafield tag="040" ind1=" " ind2=" ">
    <subfield code="a">NNC</subfield>
    <subfield code="c">NNC</subfield>
  </datafield>
  <datafield tag="090" ind1=" " ind2=" ">
    <subfield code="a">KBL</subfield>
    <subfield code="b">.A2735</subfield>
  </datafield>
  <datafield tag="100" ind1="0" ind2=" ">
    <subfield code="a">Abū Ḥanīfah,</subfield>
    <subfield code="d">-767 or 768.</subfield>
  </datafield>
  <datafield tag="240" ind1="1" ind2="0">
    <subfield code="a">Fiqh al-akbar</subfield>
  </datafield>
  <datafield tag="245" ind1="0" ind2="0">
    <subfield code="a">Kitāb al-fiqh al-akbar /</subfield>
    <subfield code="c">lil-Imām Abī Ḥanīfah al-Nuʻmān ibn Thābit al-Kūfī ... wa-Sharḥuhu lil-Imām Mullá ʻAlī al-Qārī al-Ḥanafī.</subfield>
  </datafield>
  <datafield tag="260" ind1=" " ind2=" ">
    <subfield code="a">Miṣr :</subfield>
    <subfield code="b">Dār al-Kutub al-ʻArabīyah al-Kubrá,</subfield>
    <subfield code="c">1327 [1909]</subfield>
  </datafield>
  <datafield tag="300" ind1=" " ind2=" ">
    <subfield code="a">192 p. ;</subfield>
    <subfield code="c">22 cm.</subfield>
  </datafield>
  <datafield tag="500" ind1=" " ind2=" ">
    <subfield code="a">Title from spine: Sharḥ al-fiqh al-akbar.</subfield>
  </datafield>
  <datafield tag="650" ind1=" " ind2="0">
    <subfield code="a">Islamic law.</subfield>
  </datafield>
  <datafield tag="650" ind1=" " ind2="0">
    <subfield code="a">Hanafites.</subfield>
  </datafield>
  <datafield tag="700" ind1="1" ind2="2">
    <subfield code="a">Qārī al-Harawī, ʻAlī ibn Sulṭān Muḥammad,</subfield>
    <subfield code="d">-1605 or 1606.</subfield>
    <subfield code="t">Manḥ al-azhar.</subfield>
    <subfield code="f">1909.</subfield>
  </datafield>
  <datafield tag="740" ind1="0" ind2="1">
    <subfield code="a">Sharḥ al-fiqh al-akbar.</subfield>
  </datafield>
  <datafield tag="955" ind1=" " ind2=" ">
    <subfield code="b">0022694358</subfield>
    <subfield code="d">glx</subfield>
    <subfield code="e">KBL .A2735</subfield>
  </datafield>
</record>
</collection>